@article{lundquist2009race,
  title={Race and childlessness in America, 1988--2002},
  author={Lundquist, Jennifer Hickes and Budig, Michelle J and Curtis, Anna},
  journal={Journal of Marriage and Family},
  volume={71},
  number={3},
  pages={741--755},
  year={2009},
  publisher={Wiley Online Library}
}
@article{thomson1997couple,
  title={Couple childbearing desires, intentions, and births},
  author={Thomson, Elizabeth},
  journal={Demography},
  volume={34},
  number={3},
  pages={343--354},
  year={1997},
  publisher={Duke University Press}
}
@book{kreyenfeld2017analyzing,
  title={Analyzing childlessness},
  author={Kreyenfeld, Michaela and Konietzka, Dirk},
  year={2017},
  publisher={Springer}
}
@article{dye2010fertility,
  title={Fertility of American women: 2008. Current Population Reports, P20--563},
  author={Dye, JL},
  journal={Washington, DC: US Census Bureau},
  year={2010}
}
@article{livingston2015childlessness,
  title={Childlessness falls, family size grows among highly educated women},
  author={Livingston, Gretchen},
  year={2015},
  publisher={Pew Research Center}
}
@article{gemmill2019some,
  title={From some to none? Fertility expectation dynamics of permanently childless women},
  author={Gemmill, Alison},
  journal={Demography},
  volume={56},
  number={1},
  pages={129--149},
  year={2019},
  publisher={Duke University Press}
}
@article{dykstra2007pathways,
  title={Pathways to childlessness and late-life outcomes},
  author={Dykstra, Pearl A and Wagner, Michael},
  journal={Journal of Family Issues},
  volume={28},
  number={11},
  pages={1487--1517},
  year={2007},
  publisher={Sage Publications Sage CA: Los Angeles, CA}
}
@article{kendig2007health,
  title={Health of aging parents and childless individuals},
  author={Kendig, Hal and Dykstra, Pearl A and van Gaalen, Ruben I and Melkas, Tuula},
  journal={Journal of Family Issues},
  volume={28},
  number={11},
  pages={1457--1486},
  year={2007},
  publisher={Sage Publications Sage CA: Los Angeles, CA}
}
@article{correll2007getting,
  title={Getting a job: Is there a motherhood penalty?},
  author={Correll, Shelley J and Benard, Stephen and Paik, In},
  journal={American journal of sociology},
  volume={112},
  number={5},
  pages={1297--1338},
  year={2007},
  publisher={The University of Chicago Press}
}
@article{gray2013childbearing,
  title={Childbearing desires of childless men and women: When are goals adjusted?},
  author={Gray, Edith and Evans, Ann and Reimondos, Anna},
  journal={Advances in life course research},
  volume={18},
  number={2},
  pages={141--149},
  year={2013},
  publisher={Elsevier}
}
@article{nisen2014age,
  title={Age-specific fertility by educational level in the Finnish male cohort born 1940--1950},
  author={Nis{\'e}n, Jessica and Martikainen, Pekka and Silventoinen, Karri and Myrskyl{\"a}, Mikko},
  journal={Demographic research},
  volume={31},
  pages={119--136},
  year={2014},
  publisher={JSTOR}
}
@book{kirmeyer2011childbearing,
  title={Childbearing differences among three generations of US women},
  author={Kirmeyer, Sharon and Hamilton, Brady E},
  year={2011},
  publisher={Citeseer}
}
@article{mynarska2015diverse,
  title={Diverse paths into childlessness over the life course},
  author={Mynarska, Monika and Matysiak, Anna and Rybi{\'n}ska, Anna and Tocchioni, Valentina and Vignoli, Daniele},
  journal={Advances in life course research},
  volume={25},
  pages={35--48},
  year={2015},
  publisher={Elsevier}
}
@article{eilers1996flexible,
  title={Flexible smoothing with B-splines and penalties},
  author={Eilers, Paul HC and Marx, Brian D},
  journal={Statistical science},
  volume={11},
  number={2},
  pages={89--121},
  year={1996},
  publisher={Institute of Mathematical Statistics}
}
@article{dyrting2020smoothing,
  title={Smoothing migration intensities with P-TOPALS},
  author={Dyrting, Sigurd},
  journal={Demographic Research},
  volume={43},
  pages={1607--1650},
  year={2020},
  publisher={JSTOR}
}
@article{de2012smoothing,
  title={Smoothing and projecting age-specific probabilities of death by TOPALS},
  author={De Beer, Joop},
  journal={Demographic Research},
  volume={27},
  pages={543--592},
  year={2012},
  publisher={JSTOR}
}
@article{gonzaga2016estimating,
  title={Estimating age-and sex-specific mortality rates for small areas with TOPALS regression: an application to Brazil in 2010},
  author={Gonzaga, Marcos Roberto and Schmertmann, Carl Paul},
  journal={Revista Brasileira de Estudos de Popula{\c{c}}{\~a}o},
  volume={33},
  pages={629--652},
  year={2016},
  publisher={SciELO Brasil}
}